<record xmlns="http://www.loc.gov/MARC21/slim">
   <leader>03495cam a2200517 i 4500</leader>
   <controlfield tag="001">6799221</controlfield>
   <controlfield tag="003">OCoLC</controlfield>
   <controlfield tag="005">20150120111418.0</controlfield>
   <controlfield tag="008">140311s2015    njua     b    001 0 eng c</controlfield>
   <datafield ind1=" " ind2=" " tag="010">
      <subfield code="a">  2014009925</subfield>
   </datafield>
   <datafield ind1=" " ind2=" " tag="015">
      <subfield code="a">GBB471996</subfield>
      <subfield code="2">bnb</subfield>
   </datafield>
   <datafield ind1="7" ind2=" " tag="016">
      <subfield code="a">016784434</subfield>
      <subfield code="2">Uk</subfield>
   </datafield>
   <datafield ind1=" " ind2=" " tag="020">
      <subfield code="a">9781592219827</subfield>
      <subfield code="q">hard cover</subfield>
   </datafield>
   <datafield ind1=" " ind2=" " tag="020">
      <subfield code="a">1592219829</subfield>
      <subfield code="q">hard cover</subfield>
   </datafield>
   <datafield ind1=" " ind2=" " tag="020">
      <subfield code="a">9781592219834</subfield>
      <subfield code="q">pbk.</subfield>
   </datafield>
   <datafield ind1=" " ind2=" " tag="020">
      <subfield code="a">1592219837</subfield>
      <subfield code="q">pbk.</subfield>
   </datafield>
   <datafield ind1="8" ind2=" " tag="024">
      <subfield code="a">40024292427</subfield>
   </datafield>
   <datafield ind1=" " ind2=" " tag="035">
      <subfield code="a">ocn875554497</subfield>
   </datafield>
   <datafield ind1=" " ind2=" " tag="040">
      <subfield code="a">IEN/DLC</subfield>
      <subfield code="b">eng</subfield>
      <subfield code="e">rda</subfield>
      <subfield code="c">YUS</subfield>
      <subfield code="d">INU</subfield>
      <subfield code="d">DLC</subfield>
      <subfield code="d">UKMGB</subfield>
      <subfield code="d">OCLCF</subfield>
      <subfield code="d">YDXCP</subfield>
      <subfield code="d">CUV</subfield>
      <subfield code="d">OCLCQ</subfield>
      <subfield code="d">UBY</subfield>
      <subfield code="d">UAB</subfield>
      <subfield code="d">AEU</subfield>
   </datafield>
   <datafield ind1=" " ind2=" " tag="042">
      <subfield code="a">pcc</subfield>
   </datafield>
   <datafield ind1=" " ind2=" " tag="043">
      <subfield code="a">fw-----</subfield>
      <subfield code="a">f-sl---</subfield>
   </datafield>
   <datafield ind1="0" ind2="0" tag="050">
      <subfield code="a">HT1332</subfield>
      <subfield code="b">.S57 2015</subfield>
   </datafield>
   <datafield ind1="0" ind2="4" tag="082">
      <subfield code="a">306.3/6209664</subfield>
      <subfield code="2">23</subfield>
   </datafield>
   <datafield ind1=" " ind2=" " tag="090">
      <subfield code="a">HT 1332 S57 2015</subfield>
      <subfield code="b">AEU</subfield>
   </datafield>
   <datafield ind1="0" ind2="0" tag="245">
      <subfield code="a">Slavery, abolition and the transition to colonialism in Sierra Leone /</subfield>
      <subfield code="c">edited by Paul E. Lovejoy and Suzanne Schwarz.</subfield>
   </datafield>
   <datafield ind1=" " ind2="1" tag="264">
      <subfield code="a">Trenton, New Jersey :</subfield>
      <subfield code="b">Africa World Press,</subfield>
      <subfield code="c">[2015]</subfield>
   </datafield>
   <datafield ind1=" " ind2=" " tag="300">
      <subfield code="a">xvi, 314 pages :</subfield>
      <subfield code="b">illustrations ;</subfield>
      <subfield code="c">23 cm.</subfield>
   </datafield>
   <datafield ind1=" " ind2=" " tag="336">
      <subfield code="a">text</subfield>
      <subfield code="b">txt</subfield>
      <subfield code="2">rdacontent</subfield>
   </datafield>
   <datafield ind1=" " ind2=" " tag="337">
      <subfield code="a">unmediated</subfield>
      <subfield code="b">n</subfield>
      <subfield code="2">rdamedia</subfield>
   </datafield>
   <datafield ind1=" " ind2=" " tag="338">
      <subfield code="a">volume</subfield>
      <subfield code="b">nc</subfield>
      <subfield code="2">rdacarrier</subfield>
   </datafield>
   <datafield ind1="1" ind2=" " tag="490">
      <subfield code="a">The Harriet Tubman series on the African diaspora</subfield>
   </datafield>
   <datafield ind1=" " ind2=" " tag="504">
      <subfield code="a">Includes bibliographical references and index.</subfield>
   </datafield>
   <datafield ind1="0" ind2=" " tag="505">
      <subfield code="a">Preface / David Richardson -- Sierra Leone in the eighteenth and nineteenth centuries / Paul E. Lovejoy and Suzanne Schwarz -- Liverpool ascendant: British merchants and the slave trade on the upper Guinea coast, 1701-1808 / Kenneth Morgan -- "Keep hur bottom well paid with stuff": a letter of instruction for a slaving venture to the upper Guinea coast in 1760 / Bruce Mouser -- Robert Bostock of Liverpool and the British slave trade on the upper Guinea coast, 1769-93 / Denise Jones -- The dirty business of panyarring and palaver: slave trading on the upper Guinea coast in the eighteenth century / Sean Kelley -- Forgotten colony in Africa: the British province of Senegambia (1765-83) / Paul E. Lovejoy -- "African" settlers in the founding of Freetown / James Sidbury -- "Dedicated to the sound politicians of all the trading nations of Europe": Sierra Leone and the European colonial imagination / Kate Hodgson -- From company administration to crown control: experimentation and adaptation in Sierra Leone in the late eighteenth and early nineteenth centuries / Suzanne Schwarz -- Freetown and "freedom"? colonialism and slavery in Sierra Leone, 1790s to 1861 / Philip Misevich -- La Amistad's "interpreter" reinterpreted: James "Kaweli" Covey's distressed Atlantic childhood and the production of knowledge about nineteenth-century Sierra Leone / Benjamin Lawrance -- Sierra Leone indentured workers in Guyana and Martinique in the nineteenth century / Céline Flory.</subfield>
   </datafield>
   <datafield ind1=" " ind2=" " tag="596">
      <subfield code="a">16 43</subfield>
   </datafield>
   <datafield ind1=" " ind2="0" tag="650">
      <subfield code="a">Slave trade</subfield>
      <subfield code="z">Africa, West.</subfield>
   </datafield>
   <datafield ind1=" " ind2="0" tag="650">
      <subfield code="a">Freedmen</subfield>
      <subfield code="z">Sierra Leone</subfield>
      <subfield code="x">History</subfield>
      <subfield code="y">18th century.</subfield>
   </datafield>
   <datafield ind1=" " ind2="0" tag="650">
      <subfield code="a">Freedmen</subfield>
      <subfield code="z">Sierra Leone</subfield>
      <subfield code="x">History</subfield>
      <subfield code="y">19th century.</subfield>
   </datafield>
   <datafield ind1=" " ind2="0" tag="651">
      <subfield code="a">Sierra Leone</subfield>
      <subfield code="x">History</subfield>
      <subfield code="y">To 1896.</subfield>
   </datafield>
   <datafield ind1=" " ind2="0" tag="651">
      <subfield code="a">Sierra Leone</subfield>
      <subfield code="x">Social conditions</subfield>
      <subfield code="y">18th century.</subfield>
   </datafield>
   <datafield ind1=" " ind2="0" tag="651">
      <subfield code="a">Sierra Leone</subfield>
      <subfield code="x">Social conditions</subfield>
      <subfield code="y">19th century.</subfield>
   </datafield>
   <datafield ind1="1" ind2=" " tag="700">
      <subfield code="a">Lovejoy, Paul E.,</subfield>
      <subfield code="e">editor.</subfield>
   </datafield>
   <datafield ind1="1" ind2=" " tag="700">
      <subfield code="a">Schwarz, Suzanne,</subfield>
      <subfield code="e">editor.</subfield>
   </datafield>
   <datafield ind1=" " ind2="0" tag="830">
      <subfield code="a">Harriet Tubman series (Trenton, N.J.)</subfield>
   </datafield>
   <datafield ind1=" " ind2=" " tag="949">
      <subfield code="a">HT 1332 S57 2015</subfield>
      <subfield code="c">1</subfield>
      <subfield code="h">UAAU-B</subfield>
      <subfield code="i">0162035231743</subfield>
   </datafield>
   <datafield ind1=" " ind2=" " tag="926">
      <subfield code="a">HT 1332 S57 2015</subfield>
      <subfield code="w">LC</subfield>
      <subfield code="c">1</subfield>
      <subfield code="i">0162035231743</subfield>
      <subfield code="d">3/27/2015</subfield>
      <subfield code="e">3/16/2015</subfield>
      <subfield code="l">ON_SHELF</subfield>
      <subfield code="m">UAAUG</subfield>
      <subfield code="n">2</subfield>
      <subfield code="p">$150.00</subfield>
      <subfield code="r">Y</subfield>
      <subfield code="s">Y</subfield>
      <subfield code="t">BOOK</subfield>
      <subfield code="u">2/4/2015</subfield>
   </datafield>
   <datafield ind1=" " ind2=" " tag="926">
      <subfield code="a">HT 1332 S57 2015</subfield>
      <subfield code="w">LC</subfield>
      <subfield code="c">1</subfield>
      <subfield code="i">0162035247392</subfield>
      <subfield code="l">ON_SHELF</subfield>
      <subfield code="m">UAHSS</subfield>
      <subfield code="p">$150.00</subfield>
      <subfield code="r">Y</subfield>
      <subfield code="s">Y</subfield>
      <subfield code="t">BOOK</subfield>
      <subfield code="u">3/4/2015</subfield>
   </datafield>
</record>
